@article{dicke,
    author = "R.H.Dicke",
    title = "Coherence in Spontaneous Radiation Processes",
    year = "1953"
}

@article{introlindblad,
    author = "Daniel Manzano",
    title = "A short introduction to the Lindblad Master Equation",
    journal = "arXiv",
}

@article{cumujulia,
    author = "D.Plankensteiner, C.Hotter, H.Ritsch",
    title = "QuantumCumulants.jl: A julia framework for generalized mean-field equations in open quantum systems",
    journal = "Quantum",
    year = "2021",
}

@article{jcumlarson,
    author = "Jonas Larson, Themistolkis Mavrogordatos",
    title = "The Jaynes-Cummings model and its descendants",
    year = "2022",
}

@article{exprepcumu,
    author = "James D.Fabrey",
    title = "Exponential Representations of the Canonical Commutation Relations",
    year = "1970",
}

@article{exprepcumuryogo,
    author = "Ryogo Kubo",
    title = "Generalized Cumulant Expansion Method",
    year = "1962",
}

@article{lindmatrix,
    author = "M.Am-Shallem",
    title = "Three approaches for representing Lindblad dynamics by a matrix-vector notation",
}

@book{mandelwolf,
    title = {Optical Coherence and Quantum Optics},
    author = "Leonard Mandel, Emil Wolf",
    year = {1995},
    publisher = {Cambridge university Press},
    keywords = {physics}
}

@book{paulwinfield,
    title = {The Art of Electronics},
    author = "Paul Horowitz, Winfield Hill",
    year = {1980},
    publisher = {Cambridge university Press},
    keywords = {physics}
}

@book{foxmark,
    title = {Quantum Optics: An Introduction},
    author = "Fox Mark",
    year = {2006},
    publisher = {Oxford University Press},
    keywords = {physics}
}

@book{rloudon,
    title = {The Quantum Theory of Light},
    author = "Rodney Loudon",
    year = {1973},
    publisher = {Oxford University Press},
    keywords = {physics}
}

@mastersthesis{sofus,
    title = {Atom Interferometry in an Optical Cavity with Optical Lattice Trapping on Seconds Timescale},
    author = "Sofus Laguna Kristensen",
    year = {2023},
    type={PhD Thesis}
}

@mastersthesis{mikkel,
    title = {Superradiant Lasers Based on Strontium-88},
    author = "Mikkel Tang",
    year = {2022},
    type={PhD Thesis}
}

@mastersthesis{stefan,
    title = {Studies of Coellective Effects in Atomic Strontium},
    author = "Stefan Alaric Sch√§ffer",
    year = {2015},
}
